% Encoding: UTF-8

@article{ChoEtAl2024,
  author = {Cho, Seung-Wan and Lim, Yeong-Hyun and Seo, Kyung-Min and Kim, Jungin},
  title = {Integration of eye-tracking and object detection in a deep learning system for quality inspection analysis},
  journal = {Journal of Computational Design and Engineering},
  volume = {11},
  number = {3},
  pages = {158-173},
  year = {2024},
  month = {05},
  issn = {2288-5048},
  doi = {10.1093/jcde/qwae042},
  url = {https://doi.org/10.1093/jcde/qwae042},
  eprint = {https://academic.oup.com/jcde/article-pdf/11/3/158/58697884/qwae042.pdf},
}

@phdthesis{CederinBremberg2023, 
  series={UPTEC IT}, 
  title={Automatic object detection and tracking for eye-\newline tracking analysis}, 
  url={https://urn.kb.se/resolve?urn=urn:nbn:se:uu:diva-504416}, 
  author={Cederin, Liv and Bremberg, Ulrika}, 
  year={2023}, 
  collection={UPTEC IT} 
}

@misc{Kulyk2023,
  year = {2023},
  author = {D. Kulyk},
  month = {7},
  title = {Combining object detection and eye tracking to identify points of interest for VR art exhibition visitors},
  url = {http://essay.utwente.nl/95999/},
}

@misc{Zhu2024,
  title={Medical SAM 2: Segment medical images as video via Segment Anything Model 2}, 
  author={Jiayuan Zhu and Yunli Qi and Junde Wu},
  year={2024},
  eprint={2408.00874},
  archivePrefix={arXiv},
  primaryClass={cs.CV},
  url={https://arxiv.org/abs/2408.00874}
}

@misc{Ravi2024,
  title={SAM 2: Segment Anything in Images and Videos}, 
  author={Nikhila Ravi and Valentin Gabeur and Yuan-Ting Hu and Ronghang Hu and Chaitanya Ryali and Tengyu Ma and Haitham Khedr and Roman Rädle and Chloe Rolland and Laura Gustafson and Eric Mintun and Junting Pan and Kalyan Vasudev Alwala and Nicolas Carion and Chao-Yuan Wu and Ross Girshick and Piotr Dollár and Christoph Feichtenhofer},
  year={2024},
  eprint={2408.00714},
  archivePrefix={arXiv},
  primaryClass={cs.CV},
  url={https://arxiv.org/abs/2408.00714}
}

@misc{Wang2023,
  title={GazeSAM: What You See is What You Segment}, 
  author={Bin Wang and Armstrong Aboah and Zheyuan Zhang and Ulas Bagci},
  year={2023},
  eprint={2304.13844},
  archivePrefix={arXiv},
  primaryClass={cs.CV},
  url={https://arxiv.org/abs/2304.13844}
}

@misc{Bagchi2024,
  title={ReferEverything: Towards Segmenting Everything We Can Speak of in Videos}, 
  author={Anurag Bagchi and Zhipeng Bao and Yu-Xiong Wang and Pavel Tokmakov and Martial Hebert},
  year={2024},
  eprint={2410.23287},
  archivePrefix={arXiv},
  primaryClass={cs.CV},
  url={https://arxiv.org/abs/2410.23287}
}

@Comment{jabref-meta: databaseType:biblatex;}
